@inproceedings{willsey2019puddle,
  title = {Puddle: A Dynamic, Error-Correcting, Full-Stack Microfluidics Platform},
  author = {
    Max Willsey and
    Ashley P. Stephenson and
    Chris Takahashi and
    Pranav Vaid and
    Bichlien H. Nguyen and
    Michal Piszczek and
    Christine Betts and
    Sharon Newman and
    Sarang Joshi and
    Karin Strauss and
    Luis Ceze
  },
  booktitle = {
    Proceedings of the Twenty-Third International Conference on
    Architectural Support for Programming Languages and Operating Systems
  },
  series = {ASPLOS '19},
  month = {04},
  year = {2019},
  location = {Providence, RI, USA},
  publisher = {ACM},
  address = {New York, NY, USA},
  doi = {10.1145/3297858.3304027},
}

@article{alistar2017opendrop,
  title={OpenDrop: An Integrated Do-It-Yourself Platform for Personal Use of Biochips},
  author={Alistar, Mirela and Gaudenz, Urs},
  journal={Bioengineering},
  volume={4},
  number={2},
  pages={45},
  year={2017},
  publisher={Multidisciplinary Digital Publishing Institute}
}

@article{doi:10.1146/annurev-anchem-062011-143028,
  author = {Kihwan Choi and Alphonsus H.C. Ng and Ryan Fobel and Aaron R. Wheeler},
  title = {Digital Microfluidics},
  journal = {Annual Review of Analytical Chemistry},
  volume = {5},
  number = {1},
  pages = {413-440},
  year = {2012},
  doi = {10.1146/annurev-anchem-062011-143028},
}

@article{grissom2015open,
  title={An open-source compiler and PCB synthesis tool for digital microfluidic biochips},
  author={Grissom, Daniel and Curtis, Christopher and Windh, Skyler and Phung, Calvin and Kumar, Navin and Zimmerman, Zachary and Kenneth, Oâ€˜Neal and McDaniel, Jeffrey and Liao, Nick and Brisk, Philip},
  journal={INTEGRATION, the VLSI journal},
  volume={51},
  pages={169--193},
  year={2015},
  publisher={Elsevier}
}

@article{biocoder,
  title={Biocoder: A programming language for standardizing and automating biology protocols},
  author={Ananthanarayanan, Vaishnavi and Thies, William},
  journal={Journal of Biological Engineering},
  volume={4},
  number={1},
  pages={13},
  year={2010},
  publisher={BioMed Central}
}

@inproceedings{curtis2018compiler,
  title={A compiler for cyber-physical digital microfluidic biochips},
  author={Curtis, Christopher and Grissom, Daniel and Brisk, Philip},
  booktitle={Proceedings of the 2018 International Symposium on Code Generation and Optimization},
  pages={365--377},
  year={2018},
  organization={ACM}
}

@article{ott2018bioscript,
 title={BioScript: programming safe chemistry on laboratories-on-a-chip},
 author={Ott, Jason and Loveless, Tyson and Curtis, Chris and Lesani, Mohsen and Brisk, Philip},
 journal={Proceedings of the ACM on Programming Languages},
 volume={2},
 number={OOPSLA},
 pages={128},
 year={2018},
 publisher={ACM}
}

@inproceedings{amin2007aquacore,
  title={Aquacore: a programmable architecture for microfluidics},
  author={Amin, Ahmed M and Thottethodi, Mithuna and Vijaykumar, TN and Wereley, Steven and Jacobson, Stephen C},
  booktitle={ACM SIGARCH Computer Architecture News},
  volume={35},
  number={2},
  pages={254--265},
  year={2007},
  organization={ACM}
}

@misc{antha,
  title={Antha},
  author={Synthace},
  url={https://synthace.com/introducing-antha},
  year={2018},
}

@misc{autoprotocol,
  title={Autoprotocol},
  author={Transcriptic},
  url={http://autoprotocol.org/},
  year={2018},
}