@misc{idc_storage,
  author = {IDC},
  title = {Where in the World is Storage},
  year = {2013},
  note = {\url{http://www.idc.com/downloads/where_is_storage_infographic_243338.pdf}}
}

@misc{carlson_curves,
author = {Rob Carlson},
title = {Time for New DNA Synthesis and Sequencing Cost Curves},
year = {2014},
note = {\url{https://synbiobeta.com/time-new-dna-synthesis-sequencing-cost-curves-rob-carlson}},
}

@article{opendrop, crossref = {alistar2017opendrop}}
@article{alistar2017opendrop,
  title={OpenDrop: An Integrated Do-It-Yourself Platform for Personal Use of Biochips},
  author={Alistar, Mirela and Gaudenz, Urs},
  journal={Bioengineering},
  volume={4},
  number={2},
  pages={45},
  year={2017},
  publisher={Multidisciplinary Digital Publishing Institute}
}

@article{dmf-review, crossref = {doi:10.1146/annurev-anchem-062011-143028}}
@article{doi:10.1146/annurev-anchem-062011-143028,
  author = {Kihwan Choi and Alphonsus H.C. Ng and Ryan Fobel and Aaron R. Wheeler},
  title = {Digital Microfluidics},
  journal = {Annual Review of Analytical Chemistry},
  volume = {5},
  number = {1},
  pages = {413-440},
  year = {2012},
  doi = {10.1146/annurev-anchem-062011-143028},
}

@article{dmf-vision,
  author = "Vo, Philippe Q. N. and Husser, Mathieu C. and Ahmadi, Fatemeh and Sinha, Hugo and Shih, Steve C. C.",
  title = "Image-based feedback and analysis system for digital microfluidics",
  year = "2017",
  publisher = "The Royal Society of Chemistry",
  doi = "10.1039/C7LC00826K",
}

@inproceedings{cc0,
  title={Design and Implementation of Concurrent C0},
  author={Willsey, Max and Prabhu, Rokhini and Pfenning, Frank},
  booktitle={Proceedings of the 4th International Workshop on Linearity (LINEARITY 2016)},
  year={2016}
}

@unpublished{molecularelectronic,
  title={Architecting Hybrid Molecular-Electronic Systems},
  author={Kendall Stewart and Max Willsey and Yuan-Jyue Chen and Luis Ceze and Karin Strauss},
  notes={Under Submission},
  year={2017}
}