@misc{idc_storage,
  author = {IDC},
  title = {Where in the World is Storage},
  year = {2013},
  note = {\url{http://www.idc.com/downloads/where_is_storage_infographic_243338.pdf}}
}

@misc{carlson_curves,
author = {Rob Carlson},
title = {Time for New DNA Synthesis and Sequencing Cost Curves},
year = {2014},
note = {\url{https://synbiobeta.com/time-new-dna-synthesis-sequencing-cost-curves-rob-carlson}},
}

@article{opendrop, crossref = {alistar2017opendrop}}
@article{alistar2017opendrop,
  title={OpenDrop: An Integrated Do-It-Yourself Platform for Personal Use of Biochips},
  author={Alistar, Mirela and Gaudenz, Urs},
  journal={Bioengineering},
  volume={4},
  number={2},
  pages={45},
  year={2017},
  publisher={Multidisciplinary Digital Publishing Institute}
}

@article{dmf-review, crossref = {doi:10.1146/annurev-anchem-062011-143028}}
@article{doi:10.1146/annurev-anchem-062011-143028,
  author = {Kihwan Choi and Alphonsus H.C. Ng and Ryan Fobel and Aaron R. Wheeler},
  title = {Digital Microfluidics},
  journal = {Annual Review of Analytical Chemistry},
  volume = {5},
  number = {1},
  pages = {413-440},
  year = {2012},
  doi = {10.1146/annurev-anchem-062011-143028},
}

@article{dmf-vision,
  author = "Vo, Philippe Q. N. and Husser, Mathieu C. and Ahmadi, Fatemeh and Sinha, Hugo and Shih, Steve C. C.",
  title = "Image-based feedback and analysis system for digital microfluidics",
  year = "2017",
  publisher = "The Royal Society of Chemistry",
  doi = "10.1039/C7LC00826K",
}

@misc{bioprotocols,
  Author = {Alessandro Abate and Luca Cardelli and Marta Kwiatkowska and Luca Laurenti and Boyan Yordanov},
  Title = {Experimental Biological Protocols with Formal Semantics},
  Year = {2017},
  Eprint = {arXiv:1710.08016},
}

@Inbook{Honda1993,
  author="Honda, Kohei",
  title="Types for dyadic interaction",
  bookTitle="CONCUR'93",
  year="1993",
  pages="509--523",
  isbn="978-3-540-47968-0",
  doi="10.1007/3-540-57208-2_35",
}

@article{grissom2015open,
  title={An open-source compiler and PCB synthesis tool for digital microfluidic biochips},
  author={Grissom, Daniel and Curtis, Christopher and Windh, Skyler and Phung, Calvin and Kumar, Navin and Zimmerman, Zachary and Kenneth, O‘Neal and McDaniel, Jeffrey and Liao, Nick and Brisk, Philip},
  journal={INTEGRATION, the VLSI journal},
  volume={51},
  pages={169--193},
  year={2015},
  publisher={Elsevier}
}

@article{biocoder,
  title={Biocoder: A programming language for standardizing and automating biology protocols},
  author={Ananthanarayanan, Vaishnavi and Thies, William},
  journal={Journal of biological engineering},
  volume={4},
  number={1},
  pages={13},
  year={2010},
  publisher={BioMed Central}
}

@article{grissom2014interpreting,
  title={Interpreting assays with control flow on digital microfluidic biochips},
  author={Grissom, Daniel and Curtis, Christopher and Brisk, Philip},
  journal={ACM Journal on Emerging Technologies in Computing Systems (JETC)},
  volume={10},
  number={3},
  pages={24},
  year={2014},
  publisher={ACM}
}

@inproceedings{bornholt2016,
  author = {Bornholt, James and Lopez, Randolph and Carmean, Doug and Ceze, Luis and Seelig, Georg and Strauss, Karin},
  title = {A DNA-based archival storage system},
  booktitle = {ASPLOS 2016 (International Conference on Architectural Support for Programming Languages and Operating Systems) - to appear},
  year = {2016},
  month = {4},
  publisher = {ACM – Association for Computing Machinery},
  url = {https://www.microsoft.com/en-us/research/publication/dna-based-archival-storage-system/}
}

@misc{obt18,
  author = {Max Willsey and Jared Roesch},
  title = {Extensible Semantics for Fluidics},
  venue = {Off the Beaten Track 2018},
  url = {https://popl18.sigplan.org/event/obt-2018-extensible-semantics-for-fluidics},
}

@article{antha-qbd,
  title={Harnessing QbD, programming languages, and automation for reproducible biology},
  author={Sadowski, Michael I and Grant, Chris and Fell, Tim S},
  journal={Trends in biotechnology},
  volume={34},
  number={3},
  pages={214--227},
  year={2016},
  publisher={Elsevier}
}

@misc{channel-img,
  author={Sven Tombrink and iX-factory},
  url={https://commons.wikimedia.org/wiki/File:Microfluidic_Chip_iX-factory.jpg},
}
@misc{robot-img,
  author={Pzucchel},
  url={https://commons.wikimedia.org/wiki/File:Automated_pipetting_system_using_manual_pipettes.jpg},
}

@misc{raspberry-pi-3b,
  title={{Raspberry Pi 3B}},
  url={https://www.raspberrypi.org/products/raspberry-pi-3-model-b/}
}

@article{python-intro,
  title={Python is Now the Most Popular Introductory Teaching Language at Top US Universities},
  author={Guo, Philip},
  journal={Communications in ACM, Blogs},
  year={2014}
}
@article{biopython,
  title={Biopython: freely available Python tools for computational molecular biology and bioinformatics},
  author={Cock, Peter JA and Antao, Tiago and Chang, Jeffrey T and Chapman, Brad A and Cox, Cymon J and Dalke, Andrew and Friedberg, Iddo and Hamelryck, Thomas and Kauff, Frank and Wilczynski, Bartek and others},
  journal={Bioinformatics},
  volume={25},
  number={11},
  pages={1422--1423},
  year={2009},
  publisher={Oxford University Press}
}

@article{scipy,
  title={{SciPy}: open source scientific tools for {Python}},
  author={Jones, Eric and Oliphant, Travis and Peterson, Pearu},
  year={2014}
}

@misc{minion,
  title={{MinION}},
  author={{Oxford Nanopore}},
  url={https://nanoporetech.com/products/minion},
}

@article{a-star,
  author={P. E. Hart and N. J. Nilsson and B. Raphael},
  journal={IEEE Transactions on Systems Science and Cybernetics},
  title={A Formal Basis for the Heuristic Determination of Minimum Cost Paths},
  year={1968},
  volume={4},
  number={2},
  pages={100-107},
  doi={10.1109/TSSC.1968.300136},
  ISSN={0536-1567},
  month={7},
}

@article{findcontours,
  title={Topological structural analysis of digitized binary images by border following},
  author={Suzuki, Satoshi and others},
  journal={Computer vision, graphics, and image processing},
  volume={30},
  number={1},
  pages={32--46},
  year={1985},
  publisher={Academic Press}
}

@article{opencv,
  author = {Bradski, G.},
  citeulike-article-id = {2236121},
  journal = {Dr. Dobb's Journal of Software Tools},
  keywords = {bibtex-import},
  posted-at = {2008-01-15 19:21:54},
  priority = {4},
  title = {{The OpenCV Library}},
  year = {2000}
}

@article{munkres,
  title={Algorithms for the assignment and transportation problems},
  author={Munkres, James},
  journal={Journal of the society for industrial and applied mathematics},
  volume={5},
  number={1},
  pages={32--38},
  year={1957},
  publisher={SIAM}
}

@inproceedings{koksal2013,
  author = {Koksal, Ali Sinan and Pu, Yewen and Srivastava, Saurabh and Bodik, Rastislav and Fisher, Jasmin and Piterman, Nir},
  title = {Synthesis of Biological Models from Mutation Experiments},
  booktitle = {Proceedings of the 40th Annual ACM SIGPLAN-SIGACT Symposium on Principles of Programming Languages},
  series = {POPL '13},
  year = {2013},
  isbn = {978-1-4503-1832-7},
  location = {Rome, Italy},
  pages = {469--482},
  numpages = {14},
  url = {http://doi.acm.org.offcampus.lib.washington.edu/10.1145/2429069.2429125},
  doi = {10.1145/2429069.2429125},
  acmid = {2429125},
  publisher = {ACM},
  address = {New York, NY, USA},
  keywords = {executable biology, program synthesis, specification ambiguity analysis},
}

@article{nbt,
  title={Random access in large-scale DNA data storage},
  author={Organick, Lee and Ang, Siena Dumas and Chen, Yuan-Jyue and Lopez, Randolph and Yekhanin, Sergey and Makarychev, Konstantin and Racz, Miklos Z and Kamath, Govinda and Gopalan, Parikshit and Nguyen, Bichlien and others},
  journal={Nature biotechnology},
  volume={36},
  number={3},
  pages={242},
  year={2018},
  publisher={Nature Publishing Group}
}

@article {king85,
	author = {King, Ross D. and Rowland, Jem and Oliver, Stephen G. and Young, Michael and Aubrey, Wayne and Byrne, Emma and Liakata, Maria and Markham, Magdalena and Pir, Pinar and Soldatova, Larisa N. and Sparkes, Andrew and Whelan, Kenneth E. and Clare, Amanda},
	title = {The Automation of Science},
	volume = {324},
	number = {5923},
	pages = {85--89},
	year = {2009},
	doi = {10.1126/science.1165620},
	publisher = {American Association for the Advancement of Science},
	issn = {0036-8075},
	URL = {http://science.sciencemag.org/content/324/5923/85},
	eprint = {http://science.sciencemag.org/content/324/5923/85.full.pdf},
	journal = {Science}
}

@article{king2004,
  title={Functional genomic hypothesis generation and experimentation by a robot scientist},
  author={King, Ross D and Whelan, Kenneth E and Jones, Ffion M and Reiser, Philip GK and Bryant, Christopher H and Muggleton, Stephen H and Kell, Douglas B and Oliver, Stephen G},
  journal={Nature},
  volume={427},
  number={6971},
  pages={247},
  year={2004},
  publisher={Nature Publishing Group}
}

@article{schneider2017automating,
  title={Automating drug discovery},
  author={Schneider, Gisbert},
  journal={Nature Reviews Drug Discovery},
  volume={17},
  number={2},
  pages={97},
  year={2017},
  publisher={Nature Publishing Group}
}

@article{sparkes2010towards,
  title={Towards Robot Scientists for autonomous scientific discovery},
  author={Sparkes, Andrew and Aubrey, Wayne and Byrne, Emma and Clare, Amanda and Khan, Muhammed N and Liakata, Maria and Markham, Magdalena and Rowland, Jem and Soldatova, Larisa N and Whelan, Kenneth E and others},
  journal={Automated Experimentation},
  volume={2},
  number={1},
  pages={1},
  year={2010},
  publisher={BioMed Central}
}

@inproceedings{stewart18,
  author = {Kendall Stewart and Yuan-Jyue Chen and David Ward and Xiaomeng Liu and Georg Seelig and Karin Strauss and Luis Ceze},
  title = {A Content-Addressable DNA Database with Learned Sequence Encodings},
  booktitle = {24th International Conference On DNA Computing and Molecular Programming (DNA 24)},
  year = {2018},
  month = {10},
  URL = {https://homes.cs.washington.edu/~kstwrt/pubs/dna24.pdf},
}

@inproceedings{alistar2010variability,
  author={M. Alistar and E. Maftei and P. Pop and J. Madsen},
  booktitle={2010 Symposium on Design Test Integration and Packaging of MEMS/MOEMS (DTIP)},
  title={Synthesis of biochemical applications on digital microfluidic biochips with operation variability},
  year={2010},
  volume={},
  number={},
  pages={350-357},
  keywords={bioMEMS;biochemistry;fault tolerance;lab-on-a-chip;microfluidics;abstract model;biochemical application;biochemical applications;digital microfluidic biochips;fault-occurrence information;fault-tolerant implementation;fault-tolerant scheduling techniques;on-chip volume sensors;operation variability;sequencing graph;split operation;variability bounds;Microfluidics},
  doi={},
  ISSN={},
  month={May},
}

@inproceedings{curtis2018compiler,
  title={A compiler for cyber-physical digital microfluidic biochips},
  author={Curtis, Christopher and Grissom, Daniel and Brisk, Philip},
  booktitle={Proceedings of the 2018 International Symposium on Code Generation and Optimization},
  pages={365--377},
  year={2018},
  organization={ACM}
}

@inproceedings{mit-medialab,
  title={Programmable Droplets for Interaction},
  author={Umapathi, Udayan and Shin, Patrick and Nakagaki, Ken and Leithinger, Daniel and Ishii, Hiroshi},
  booktitle={Extended Abstracts of the 2018 CHI Conference on Human Factors in Computing Systems},
  pages={VS15},
  year={2018},
  organization={ACM}
}

@article{dropbot,
  title={DropBot: An open-source digital microfluidic control system with precise control of electrostatic driving force and instantaneous drop velocity measurement},
  author={Fobel, Ryan and Fobel, Christian and Wheeler, Aaron R},
  journal={Applied Physics Letters},
  volume={102},
  number={19},
  pages={193513},
  year={2013},
  publisher={AIP}
}

@misc{qubit,
  title={Qubit Fluorometric DNA Quantitation},
  author={Thermofisher Scientific},
  url={https://www.thermofisher.com/us/en/home/industrial/spectroscopy-elemental-isotope-analysis/molecular-spectroscopy/fluorometers/qubit.html}
}

@article{jebrail2015solvent,
  title={A solvent replenishment solution for managing evaporation of biochemical reactions in air-matrix digital microfluidics devices},
  author={Jebrail, Mais J and Renzi, Ronald F and Sinha, Anupama and Van De Vreugde, Jim and Gondhalekar, Carmen and Ambriz, Cesar and Meagher, Robert J and Branda, Steven S},
  journal={Lab on a Chip},
  volume={15},
  number={1},
  pages={151--158},
  year={2015},
  publisher={Royal Society of Chemistry}
}

@article{yao2016contamination,
  author={H. Yao and Q. Wang and Y. Shen and T. Ho and Y. Cai},
  journal={IEEE Transactions on Computer-Aided Design of Integrated Circuits and Systems},
  title={Integrated Functional and Washing Routing Optimization for Cross-Contamination Removal in Digital Microfluidic Biochips},
  year={2016},
  volume={35},
  number={8},
  pages={1283-1296},
  keywords={biochemistry;bioMEMS;contamination;drops;network routing;optimisation;routing optimization;cross-contamination removal;digital microfluidic biochips;DMFB;biochemistry;bioassays;droplet routing flow;biochemical applications;Routing;Electrodes;Contamination;Timing;Yttrium;Electronic mail;Indium tin oxide;Cross-contamination;digital microfluidic biochips (DMFBs);droplet routing;washing capacity constraint},
  doi={10.1109/TCAD.2015.2504397},
  ISSN={0278-0070},
  month={Aug},
}

@article{zhao2012contamination,
  author={Y. Zhao and K. Chakrabarty},
  journal={IEEE Transactions on Computer-Aided Design of Integrated Circuits and Systems},
  title={Cross-Contamination Avoidance for Droplet Routing in Digital Microfluidic Biochips},
  year={2012},
  volume={31},
  number={6},
  pages={817-830},
  keywords={crystallisation;DNA;drops;lab-on-a-chip;microfluidics;network routing;proteins;cross-contamination avoidance;digital microfluidic biochips;droplet-based biochip devices;DNA sequencing;immunoassays;clinical chemistry;protein crystallization;biomolecule droplet;bioassays;droplet flow path optimization;wash-droplet routing;functional droplet routing;real-life biochemical applications;Routing;Electrodes;Synchronization;Pins;Arrays;Transportation;Clocks;Biochip;cross-contamination avoidance;droplet routing;microfluidics},
  doi={10.1109/TCAD.2012.2183369},
  ISSN={0278-0070},
  month={June},
}

@article{huang2010contamination,
  author={T. Huang and C. Lin and T. Ho},
  journal={IEEE Transactions on Computer-Aided Design of Integrated Circuits and Systems},
  title={A Contamination Aware Droplet Routing Algorithm for the Synthesis of Digital Microfluidic Biochips},
  year={2010},
  volume={29},
  number={11},
  pages={1682-1695},
  keywords={circuit complexity;contamination;drops;fault tolerance;lab-on-a-chip;microfluidics;scheduling;contamination aware droplet routing algorithm;digital microfluidic biochip synthesis;DMFB;real-time biological analysis;safety-critical biomedical application;biomolecules;microfluidic array;wash droplet scheduling;fault-tolerance;routing complexity;k-shortest path routing technique;minimum cost circulation algorithm;Routing;Contamination;Arrays;Timing;Heuristic algorithms;Algorithm design and analysis;Complexity theory;Biochips;contaminations;dynamic programming;minimum cost circulation (MCC);routing},
  doi={10.1109/TCAD.2010.2062770},
  ISSN={0278-0070},
  month={Nov},
}

@inproceedings{keszocze2015routing,
  author={O. Keszocze and R. Wille and K. Chakrabarty and R. Drechsler},
  booktitle={2015 IEEE/ACM International Conference on Computer-Aided Design (ICCAD)},
  title={A general and exact routing methodology for Digital Microfluidic Biochips},
  year={2015},
  volume={},
  number={},
  pages={874-881},
  keywords={bioMEMS;lab-on-a-chip;microfluidics;digital microfluidic biochips;microfluidic technology;biochemistry;molecular biology;droplet routing;routing methodology;Routing;Pins;Electrodes;Optimization;Biochemistry;Layout},
  doi={10.1109/ICCAD.2015.7372663},
  ISSN={},
  month={Nov},
}

@article{bohringer2006parallel,
  author={K. F. Bohringer},
  journal={IEEE Transactions on Computer-Aided Design of Integrated Circuits and Systems},
  title={Modeling and Controlling Parallel Tasks in Droplet-Based Microfluidic Systems},
  year={2006},
  volume={25},
  number={2},
  pages={334-344},
  keywords={Digital microfluidic system;droplet-based microfluidic system;lab on a chip (LOC);parallel manipulation;Microfluidics;Biochemical analysis;Sequences;Automatic generation control;Automatic control;Planar arrays;Dielectrophoresis;Valves;Real time systems;Signal generators;Digital microfluidic system;droplet-based microfluidic system;lab on a chip (LOC);parallel manipulation},
  doi={10.1109/TCAD.2005.855958},
  ISSN={0278-0070},
  month={Feb},
}

@inproceedings{roy2010routing,
  author = {Roy, Pranab and Rahaman, Hafizur and Dasgupta, Parthasarathi},
  title = {A Novel Droplet Routing Algorithm for Digital Microfluidic Biochips},
  booktitle = {Proceedings of the 20th Symposium on Great Lakes Symposium on VLSI},
  series = {GLSVLSI '10},
  year = {2010},
  isbn = {978-1-4503-0012-4},
  location = {Providence, Rhode Island, USA},
  pages = {441--446},
  numpages = {6},
  url = {http://doi.acm.org/10.1145/1785481.1785583},
  doi = {10.1145/1785481.1785583},
  acmid = {1785583},
  publisher = {ACM},
  address = {New York, NY, USA},
  keywords = {biochips, layout, microfluidics, placement and routing},
}

@inproceedings{grissom2012scheduling,
  author = {Grissom, Daniel and Brisk, Philip},
  title = {Path Scheduling on Digital Microfluidic Biochips},
  booktitle = {Proceedings of the 49th Annual Design Automation Conference},
  series = {DAC '12},
  year = {2012},
  isbn = {978-1-4503-1199-1},
  location = {San Francisco, California},
  pages = {26--35},
  numpages = {10},
  url = {http://doi.acm.org/10.1145/2228360.2228367},
  doi = {10.1145/2228360.2228367},
  acmid = {2228367},
  publisher = {ACM},
  address = {New York, NY, USA},
  keywords = {digital microfluidic biochip (DMFB), electrowetting-on-dielectric (EWoD), laboratory-on-chip (LoC), scheduling},
}

@article{ott2018bioscript,
 title={BioScript: programming safe chemistry on laboratories-on-a-chip},
 author={Ott, Jason and Loveless, Tyson and Curtis, Chris and Lesani, Mohsen and Brisk, Philip},
 journal={Proceedings of the ACM on Programming Languages},
 volume={2},
 number={OOPSLA},
 pages={128},
 year={2018},
 publisher={ACM}
}

@inproceedings{amin2007aquacore,
  title={Aquacore: a programmable architecture for microfluidics},
  author={Amin, Ahmed M and Thottethodi, Mithuna and Vijaykumar, TN and Wereley, Steven and Jacobson, Stephen C},
  booktitle={ACM SIGARCH Computer Architecture News},
  volume={35},
  number={2},
  pages={254--265},
  year={2007},
  organization={ACM}
}

% this is the template image one
@article{luo2013error,
  title={Error recovery in cyberphysical digital microfluidic biochips},
  author={Luo, Yan and Chakrabarty, Krishnendu and Ho, Tsung-Yi},
  journal={IEEE Transactions on Computer-Aided Design of Integrated Circuits and Systems},
  volume={32},
  number={1},
  pages={59--72},
  year={2013},
  publisher={IEEE}
}

% this one uses background subtraction
@article{vo2017image-dmf,
  title={Image-based feedback and analysis system for digital microfluidics},
  author={Vo, Philippe QN and Husser, Mathieu C and Ahmadi, Fatemeh and Sinha, Hugo and Shih, Steve CC},
  journal={Lab on a Chip},
  volume={17},
  number={20},
  pages={3437--3446},
  year={2017},
  publisher={Royal Society of Chemistry}
}

@article{hadwen2012impedence,
  title={Programmable large area digital microfluidic array with integrated droplet sensing for bioassays},
  author={Hadwen, B and Broder, GR and Morganti, D and Jacobs, A and Brown, C and Hector, JR and Kubota, Y and Morgan, Hywel},
  journal={Lab on a Chip},
  volume={12},
  number={18},
  pages={3305--3313},
  year={2012},
  publisher={Royal Society of Chemistry}
}

@article{shin2010vision,
  author = {Shin,Yong-Jun and Lee,Jeong-Bong },
  title = {Machine vision for digital microfluidics},
  journal = {Review of Scientific Instruments},
  volume = {81},
  number = {1},
  pages = {014302},
  year = {2010},
  doi = {10.1063/1.3274673},
  URL = {https://doi.org/10.1063/1.3274673},
  eprint = {https://doi.org/10.1063/1.3274673}
}

@article{gong2008direct,
  title={Direct-referencing two-dimensional-array digital microfluidics using multilayer printed circuit board},
  author={Gong, Jian and Kim, Chang-Jin},
  journal={Journal of microelectromechanical systems},
  volume={17},
  number={2},
  pages={257--264},
  year={2008},
  publisher={IEEE}
}

@article{coelho2017digital,
  title={Digital Microfluidics for Nucleic Acid Amplification},
  author={Coelho, Beatriz and Veigas, Bruno and Fortunato, Elvira and Martins, Rodrigo and {\'A}guas, Hugo and Igreja, Rui and Baptista, Pedro V},
  journal={Sensors},
  volume={17},
  number={7},
  pages={1495},
  year={2017},
  publisher={Multidisciplinary Digital Publishing Institute}
}

@article{bhattacharjee2012capacitance,
  title={Droplet sensing by measuring the capacitance between coplanar electrodes in a digital microfluidic system},
  author={Bhattacharjee, Biddut and Najjaran, Homayoun},
  journal={Lab on a Chip},
  volume={12},
  number={21},
  pages={4416--4423},
  year={2012},
  publisher={Royal Society of Chemistry}
}

@article{pollack2000electrowetting,
  title={Electrowetting-based actuation of liquid droplets for microfluidic applications},
  author={Pollack, Michael G and Fair, Richard B and Shenderov, Alexander D},
  journal={Applied Physics Letters},
  volume={77},
  number={11},
  pages={1725--1726},
  year={2000},
  publisher={AIP}
}

@article{qian2011scaling,
  title={Scaling up digital circuit computation with DNA strand displacement cascades},
  author={Qian, Lulu and Winfree, Erik},
  journal={Science},
  volume={332},
  number={6034},
  pages={1196--1201},
  year={2011},
  publisher={American Association for the Advancement of Science}
}

@article{goldman2013towards,
  title={Towards practical, high-capacity, low-maintenance information storage in synthesized DNA},
  author={Goldman, Nick and Bertone, Paul and Chen, Siyuan and Dessimoz, Christophe and LeProust, Emily M and Sipos, Botond and Birney, Ewan},
  journal={Nature},
  volume={494},
  number={7435},
  pages={77},
  year={2013},
  publisher={Nature Publishing Group}
}

@misc{antha,
  title={Antha},
  author={Synthace},
  url={https://synthace.com/introducing-antha},
  year={2018},
}

@misc{autoprotocol,
  title={Autoprotocol},
  author={Transcriptic},
  url={http://autoprotocol.org/},
  year={2018},
}

@misc{aquarium,
  titile={Aquarium},
  author={Eric Klavins},
  url={http://klavinslab.org/aquarium/}
}

@article{xu2008defect,
  author = {Xu, Tao and Chakrabarty, Krishnendu},
  title = {Integrated Droplet Routing and Defect Tolerance in the Synthesis of Digital Microfluidic Biochips},
  journal = {J. Emerg. Technol. Comput. Syst.},
  issue_date = {August 2008},
  volume = {4},
  number = {3},
  month = aug,
  year = {2008},
  issn = {1550-4832},
  pages = {11:1--11:24},
  articleno = {11},
  numpages = {24},
  url = {http://doi.acm.org/10.1145/1389089.1389091},
  doi = {10.1145/1389089.1389091},
  acmid = {1389091},
  publisher = {ACM},
  address = {New York, NY, USA},
  keywords = {Physical design automation, biochips, microfluidics, module placement},
}

@article{xu2008defectplacement,
  author={T. Xu and K. Chakrabarty and F. Su},
  journal={IEEE Transactions on Biomedical Circuits and Systems},
  title={Defect-Aware High-Level Synthesis and Module Placement for Microfluidic Biochips},
  year={2008},
  volume={2},
  number={1},
  pages={50-62},
  keywords={biochemistry;biomedical electronics;bioMEMS;fault tolerant computing;high level synthesis;lab-on-a-chip;medical computing;microelectrodes;microfluidics;modules;molecular biophysics;parallel architectures;proteins;simulated annealing;defect-aware high-level synthesis;module placement;microfluidic biochips;microfluidics technology;miniaturized biochip devices;lab-on-a-chip;biochemical analysis;electrowetting-on-dielectric principle;electrode array;digital droplet-based microfluidic platforms;system integration;design complexity;defect tolerance;automated design tools;clinical diagnostics;large-scale protein assay;polymerase chain reaction procedure;parallel recombinative simulated annealing;High level synthesis;Microfluidics;Chemical technology;Lab-on-a-chip;Biochemical analysis;Electrodes;Large-scale systems;Proteins;Polymers;Robustness;Lab-on-a-chip;microfluidics},
  doi={10.1109/TBCAS.2008.918283},
  ISSN={1932-4545},
  month={March},
}

@inproceedings{hu2013fault,
  author = {Hu, Kai and Hsu, Bang-Ning and Madison, Andrew and Chakrabarty, Krishnendu and Fair, Richard},
  title = {Fault Detection, Real-time Error Recovery, and Experimental Demonstration for Digital Microfluidic Biochips},
  booktitle = {Proceedings of the Conference on Design, Automation and Test in Europe},
  series = {DATE '13},
  year = {2013},
  isbn = {978-1-4503-2153-2},
  location = {Grenoble, France},
  pages = {559--564},
  numpages = {6},
  url = {http://dl.acm.org/citation.cfm?id=2485288.2485426},
  acmid = {2485426},
  publisher = {EDA Consortium},
  address = {San Jose, CA, USA},
}

@article{hsieh2014biochip,
  author = {Hsieh, Yi-Ling and Ho, Tsung-Yi and Chakrabarty, Krishnendu},
  title = {Biochip Synthesis and Dynamic Error Recovery for Sample Preparation Using Digital Microfluidics},
  journal = {Trans. Comp.-Aided Des. Integ. Cir. Sys.},
  issue_date = {February 2014},
  volume = {33},
  number = {2},
  month = feb,
  year = {2014},
  issn = {0278-0070},
  pages = {183--196},
  numpages = {14},
  url = {https://doi.org/10.1109/TCAD.2013.2284010},
  doi = {10.1109/TCAD.2013.2284010},
  acmid = {2703114},
  publisher = {IEEE Press},
  address = {Piscataway, NJ, USA},
}

@inproceedings{jaress2015online,
  author={C. Jaress and P. Brisk and D. Grissom},
  booktitle={2015 IEEE 33rd VLSI Test Symposium (VTS)},
  title={Rapid online fault recovery for cyber-physical digital microfluidic biochips},
  year={2015},
  volume={},
  number={},
  pages={1-6},
  keywords={biological techniques;integrated circuit reliability;lab-on-a-chip;microfluidics;rapid online fault recovery;cyber-physical digital microfluidic biochips;software controlled laboratories-on-a-chip;biological protocols;assays;cyber-physical control algorithm;Topology;Routing;Runtime;Algorithm design and analysis;Sensors;Real-time systems;Schedules;Digital Microfluidic Biochip;Error Recovery},
  doi={10.1109/VTS.2015.7116246},
  ISSN={1093-0167},
  month={April},
}

@inproceedings{alistar2012online,
  title={Online synthesis for error recovery in digital microfluidic biochips with operation variability},
  author={Alistar, Mirela and Pop, Paul and Madsen, Jan},
  booktitle={Design, Test, Integration and Packaging of MEMS/MOEMS (DTIP), 2012 Symposium on},
  pages={53--58},
  year={2012},
  organization={IEEE}
}

@article{hybrid-molecular,
  author={Douglas Carmean and Luis Ceze and Georg Seelig and Kendall Stewart and Karin Strauss and Max Willsey},
  journal={Proceedings of the IEEE},
  title={DNA Data Storage and Hybrid Molecular-Electronic Computing},
  year={2019},
  volume={107},
  number={1},
  pages={63-72},
  keywords={Molecular computing;Memory;Sequential analysis;Substrates;Computer architecture;Market research;Computational modeling;Data storage systems;Future computer architectures;molecular data storage and computing},
  doi={10.1109/JPROC.2018.2875386},
  ISSN={0018-9219},
  month={Jan},
}

@inproceedings{pytorch,
  title={Automatic differentiation in PyTorch},
  author={Paszke, Adam and Gross, Sam and Chintala, Soumith and Chanan, Gregory and Yang, Edward and DeVito, Zachary and Lin, Zeming and Desmaison, Alban and Antiga, Luca and Lerer, Adam},
  booktitle={NIPS-W},
  year={2017}
}

@article{spark,
  author = {Zaharia, Matei and Xin, Reynold S. and Wendell, Patrick and Das, Tathagata and Armbrust, Michael and Dave, Ankur and Meng, Xiangrui and Rosen, Josh and Venkataraman, Shivaram and Franklin, Michael J. and Ghodsi, Ali and Gonzalez, Joseph and Shenker, Scott and Stoica, Ion},
  title = {Apache Spark: A Unified Engine for Big Data Processing},
  journal = {Commun. ACM},
  issue_date = {November 2016},
  volume = {59},
  number = {11},
  month = oct,
  year = {2016},
  issn = {0001-0782},
  pages = {56--65},
  numpages = {10},
  url = {http://doi.acm.org/10.1145/2934664},
  doi = {10.1145/2934664},
  acmid = {2934664},
  publisher = {ACM},
  address = {New York, NY, USA},
}
